@article{naghib2019framework,
  title={A Framework for Telescope Schedulers: With Applications to the Large Synoptic Survey Telescope},
  author={Naghib, Elahesadat and Yoachim, Peter and Vanderbei, Robert J and Connolly, Andrew J and Jones, R Lynne},
  journal={The Astronomical Journal},
  volume={157},
  number={4},
  pages={151},
  year={2019},
  publisher={IOP Publishing}
}
@article{bellm2019zwicky,
  title={The zwicky transient facility: Surveys and scheduler},
  author={Bellm, Eric C and Kulkarni, Shrinivas R and Barlow, Tom and Feindt, Ulrich and Graham, Matthew J and Goobar, Ariel and Kupfer, Thomas and Ngeow, Chow-Choong and Nugent, Peter and Ofek, Eran and others},
  journal={Publications of the Astronomical Society of the Pacific},
  volume={131},
  number={1000},
  pages={068003},
  year={2019},
  publisher={IOP Publishing}
}
@article{moser2018dispatch,
  title={Dispatch approaches for scheduling radio telescope observations},
  author={Moser, I and van Straten, Willem},
  journal={Experimental Astronomy},
  volume={46},
  number={2},
  pages={285--307},
  year={2018},
  publisher={Springer}
}
@inproceedings{mora2010survey,
  title={A survey on the dynamic scheduling problem in astronomical observations},
  author={Mora, Matias and Solar, Mauricio},
  booktitle={IFIP International Conference on Artificial Intelligence in Theory and Practice},
  pages={111--120},
  year={2010},
  organization={Springer}
}
@inproceedings{colome2012research,
  title={Research on schedulers for astronomical observatories},
  author={Colome, Josep and Colomer, Pau and Gu{\`a}rdia, Josep and Ribas, Ignasi and Campreci{\'o}s, Jordi and Coiffard, Thierry and Gesa, Lluis and Mart{\'\i}nez, Francesc and Rodler, Florian},
  booktitle={Observatory Operations: Strategies, Processes, and Systems IV},
  volume={8448},
  pages={84481L},
  year={2012},
  organization={International Society for Optics and Photonics}
}
@article{solar2016scheduling,
  title={A scheduling model for astronomy},
  author={Solar, M and Michelon, P and Avarias, J and Garces, M},
  journal={Astronomy and Computing},
  volume={15},
  pages={90--104},
  year={2016},
  publisher={Elsevier}
}
@phdthesis{buchner2011dynamic,
  title={Dynamic scheduling and planning parallel observations on large Radio Telescope Arrays with the Square Kilometre Array in mind},
  author={Buchner, Johannes},
  year={2011},
  school={Auckland University of Technology}
}